@misc{CeXian,
  title = {测线},
  journal = {百度百科},
  urldate = {2023-09-10},
  abstract = {测线（line，survey line）是按一定比例尺沿一条直线布置的观测点组成的观测线。},
  howpublished = {https://baike.baidu.com/item/\%E6\%B5\%8B\%E7\%BA\%BF},
  file = {C\:\\Users\\10956\\Zotero\\storage\\ET6PK5WI\\测线.html}
}

@misc{JiYuHaiDiDiMaoBiaoShiFaQueDingZhuCeShenXianJianGeHeCeTuBiLiChiZhongGuoZhiWang,
  title = {基于海底地貌表示法确定主测深线间隔和测图比例尺 - 中国知网},
  urldate = {2023-09-10},
  howpublished = {https://kns-cnki-net-s.atrust.ecut.edu.cn/kcms2/article/abstract?v=3uoqIhG8C44YLTlOAiTRKgchrJ08w1e7eeyE9jLkqq9o49IgBmjohjxqvOHa9rq7uuRsF2cVCmePCod-H5QlHv27R99IEYxV\&uniplatform=NZKPT},
  file = {C\:\\Users\\10956\\Zotero\\storage\\UYGDZR4F\\abstract.html}
}

@article{TuBao2022,
  title = {{凸包}},
  year = {2022},
  month = may,
  journal = {维基百科，自由的百科全书},
  urldate = {2023-09-10},
  abstract = {在一个实数向量空间                        V                 \{\textbackslash displaystyle V\}   中，对于给定集合                        X                 \{\textbackslash displaystyle X\}   ，所有包含X的凸集的交集                        S                 \{\textbackslash displaystyle S\}   被称为                        X                 \{\textbackslash displaystyle X\}   的凸包。                        S         :=                    {$\bigcap$}                                                        X                 {$\subseteq$}                 K                 {$\subseteq$}                 V                                               K                                                      i                   s                                       c                   o                   n                   v                   e                   x                                                                          K         .                 \{\textbackslash displaystyle S:=\textbackslash bigcap \_\{X\textbackslash subseteq K\textbackslash subseteq V \textbackslash atop K\textbackslash{} \textbackslash mathrm \{is\textbackslash{} convex\} \}K.\}                           X                 \{\textbackslash displaystyle X\}   的凸包可以用                        X                 \{\textbackslash displaystyle X\}   内所有点                        (                    x                        1                             ,         \ldots{}         ,                    x                        n                             )                 \{\textbackslash displaystyle (x\_\{1\},\textbackslash ldots ,x\_\{n\})\}   的线性组合来构造。                        S         :=                    \{                                                                                                           {$\sum$}                                        j                     =                     1                                                           n                                                                        t                                        j                                                                        x                                        j                                                                                   |                                         x                                j                                         {$\in$}             X             ,                                         {$\sum$}                                j                 =                 1                                               n                                                        t                                j                                         =             1             ,                                         t                                j                                         {$\in$}             [             0             ,             1             ]                                   \}                  .                 \{\textbackslash displaystyle S:=\textbackslash left\textbackslash\{\textbackslash left.\textbackslash,\textbackslash sum \_\{j=1\}\^\{n\}t\_\{j\}x\_\{j\}\textbackslash,\textbackslash right|x\_\{j\}\textbackslash in X,\textbackslash,\textbackslash sum \_\{j=1\}\^\{n\}t\_\{j\}=1,\textbackslash,t\_\{j\}\textbackslash in \textbackslash lbrack 0,1\textbackslash rbrack \textbackslash,\textbackslash right\textbackslash\}.\}   在二维欧几里得空间中，凸包可想象为一条刚好包着所有点的橡皮圈。},
  copyright = {Creative Commons Attribution-ShareAlike License},
  langid = {chinese},
  annotation = {Page Version ID: 71770280},
  file = {C\:\\Users\\10956\\Zotero\\storage\\ESQZH4E2\\凸包.html}
}

@misc{YingXiangDuoBoShuCeLiangXiTongFuGaiKuanDuDeHuanJingYinSuFenXiZhongGuoZhiWang,
  title = {影响多波束测量系统覆盖宽度的环境因素分析 - 中国知网},
  urldate = {2023-09-09},
  howpublished = {https://kns-cnki-net-s.atrust.ecut.edu.cn/kcms2/article/abstract?v=3uoqIhG8C467SBiOvrai6S0v32EBguHnM4c5glNtQ3kzd8vfDuiSTCj8o6QDs\_DJn2FCgA0XrWY\_JieJSelKUbkuImuoqrLw\&uniplatform=NZKPT},
  file = {C\:\\Users\\10956\\Zotero\\storage\\MUV66KR5\\abstract.html}
}
